@article{DBLP:journals/corr/abs-1903-07227,
  author    = {Cheng{-}Zhi Anna Huang and
               Tim Cooijmans and
               Adam Roberts and
               Aaron C. Courville and
               Douglas Eck},
  title     = {Counterpoint by Convolution},
  journal   = {CoRR},
  volume    = {abs/1903.07227},
  year      = {2019},
  url       = {http://arxiv.org/abs/1903.07227},
  archivePrefix = {arXiv},
  eprint    = {1903.07227},
  timestamp = {Mon, 01 Apr 2019 14:07:37 +0200},
  biburl    = {https://dblp.org/rec/journals/corr/abs-1903-07227.bib},
  bibsource = {dblp computer science bibliography, https://dblp.org}
}

@article{DBLP:journals/corr/UriaCGML16,
  author    = {Benigno Uria and
               Marc{-}Alexandre C{\^{o}}t{\'{e}} and
               Karol Gregor and
               Iain Murray and
               Hugo Larochelle},
  title     = {Neural Autoregressive Distribution Estimation},
  journal   = {CoRR},
  volume    = {abs/1605.02226},
  year      = {2016},
  url       = {http://arxiv.org/abs/1605.02226},
  archivePrefix = {arXiv},
  eprint    = {1605.02226},
  timestamp = {Mon, 13 Aug 2018 16:46:11 +0200},
  biburl    = {https://dblp.org/rec/journals/corr/UriaCGML16.bib},
  bibsource = {dblp computer science bibliography, https://dblp.org}
}

@article{DBLP:journals/corr/abs-1802-05751,
  author    = {Niki Parmar and
               Ashish Vaswani and
               Jakob Uszkoreit and
               Lukasz Kaiser and
               Noam Shazeer and
               Alexander Ku},
  title     = {Image Transformer},
  journal   = {CoRR},
  volume    = {abs/1802.05751},
  year      = {2018},
  url       = {http://arxiv.org/abs/1802.05751},
  archivePrefix = {arXiv},
  eprint    = {1802.05751},
  timestamp = {Mon, 13 Aug 2018 16:48:00 +0200},
  biburl    = {https://dblp.org/rec/journals/corr/abs-1802-05751.bib},
  bibsource = {dblp computer science bibliography, https://dblp.org}
}